<?xml version="1.0" encoding="UTF-8" ?>
<collection xmlns:xsi="http://www.w3.org/2001/XMLSchema-instance"
    xsi:schemaLocation="http://www.loc.gov/MARC21/slim
        http://www.loc.gov/standards/marcxml/schema/MARC21slim.xsd"
    xmlns="http://www.loc.gov/MARC21/slim">
<record>
  <leader>00257cam a2200493 i 4500</leader>
  <controlfield tag="001">b12487855</controlfield>
  <controlfield tag="003">LeBAU</controlfield>
  <controlfield tag="005">20200130</controlfield>
  <controlfield tag="008">970625s1953    ua            ||0 0 ara d</controlfield>
  <datafield tag="035" ind1=" " ind2=" ">
    <subfield code="a">ocn784347190</subfield>
  </datafield>
  <datafield tag="040" ind1=" " ind2=" ">
    <subfield code="a">LEAUB</subfield>
    <subfield code="b">ara</subfield>
    <subfield code="e">rda</subfield>
    <subfield code="c">LEAUB</subfield>
    <subfield code="d">LEAUB</subfield>
  </datafield>
  <datafield tag="082" ind1="0" ind2="4">
    <subfield code="a">492.77</subfield>
    <subfield code="2">20</subfield>
  </datafield>
  <datafield tag="245" ind1="0" ind2="0">
    <subfield code="6">880-01</subfield>
    <subfield code="a">al-Jumānah fī izālat al-raṭānah :</subfield>
    <subfield code="b">baḥth fī lughat al-takhāṭub fī al-Andalus wa-Tūnis li-baʻḍ ʻulamāʼ al-qarn al-tāsiʻ al-Hijrī /</subfield>
    <subfield code="c">mahhada la-hu wa-ḥaqqaqahu wa-ʻallaqa ʻalayh Ḥasan Ḥusnī ʻAbd al-Wahhāb al-Ṣamādḥī, ʻuḍw al-Majmaʻ al-Miṣrī li-al-Lughah al-ʻArabīyah.</subfield>
  </datafield>
  <datafield tag="264" ind1=" " ind2="1">
    <subfield code="6">880-02</subfield>
    <subfield code="a">al-Qāhirah :</subfield>
    <subfield code="b">al-Maʻhad al-ʻIlmī al-Faransī lil-Āthār al-Sharqīyah,</subfield>
    <subfield code="c">1953.</subfield>
  </datafield>
  <datafield tag="300" ind1=" " ind2=" ">
    <subfield code="6">880-03</subfield>
    <subfield code="a">ḥ-ʻ, 40 pages ;</subfield>
    <subfield code="c">28 cm.</subfield>
  </datafield>
  <datafield tag="336" ind1=" " ind2=" ">
    <subfield code="a">text</subfield>
    <subfield code="b">txt</subfield>
    <subfield code="2">rdacontent</subfield>
  </datafield>
  <datafield tag="337" ind1=" " ind2=" ">
    <subfield code="a">unmediated</subfield>
    <subfield code="b">n</subfield>
    <subfield code="2">rdamedia</subfield>
  </datafield>
  <datafield tag="338" ind1=" " ind2=" ">
    <subfield code="a">volume</subfield>
    <subfield code="b">nc</subfield>
    <subfield code="2">rdacarrier</subfield>
  </datafield>
  <datafield tag="490" ind1="1" ind2=" ">
    <subfield code="6">880-04</subfield>
    <subfield code="a">Maṭbūʻāt al-Maʻhad al-ʻIlmī lil-Āthār al-Sharqīyah bi-al-Qāhirah. Majmūʻat nuṣūṣ ʻArabīyah wa-dirāsāt Islāmīyah ;</subfield>
    <subfield code="v">al-ʻadad al-tāsiʻ</subfield>
  </datafield>
  <datafield tag="500" ind1=" " ind2=" ">
    <subfield code="a">"بعد بحث طويل وتنقيب في كتب طبقات الرجال والتراجم لم نتوصل بعد الى معرفة مؤلف رسالة "الجمانة في إزالة الرطانة" "--صفحة م.</subfield>
  </datafield>
  <datafield tag="650" ind1=" " ind2="4">
    <subfield code="a">اللغة العربية</subfield>
    <subfield code="x">مصطلحات وتعابير.</subfield>
  </datafield>
  <datafield tag="650" ind1=" " ind2="4">
    <subfield code="a">اللغة العربية</subfield>
    <subfield code="x">اللهجات</subfield>
    <subfield code="z">اسبانيا</subfield>
    <subfield code="z">الاندلس.</subfield>
  </datafield>
  <datafield tag="650" ind1=" " ind2="4">
    <subfield code="a">اللغة العربية</subfield>
    <subfield code="x">اللهجات</subfield>
    <subfield code="z">تونس.</subfield>
  </datafield>
  <datafield tag="650" ind1=" " ind2="0">
    <subfield code="a">Arabic language</subfield>
    <subfield code="v">Terms and phrases.</subfield>
  </datafield>
  <datafield tag="650" ind1=" " ind2="0">
    <subfield code="a">Arabic language</subfield>
    <subfield code="x">Dialects</subfield>
    <subfield code="z">Spain</subfield>
    <subfield code="z">Andalusia.</subfield>
  </datafield>
  <datafield tag="650" ind1=" " ind2="0">
    <subfield code="a">Arabic language</subfield>
    <subfield code="x">Dialects</subfield>
    <subfield code="z">Tunisia.</subfield>
  </datafield>
  <datafield tag="700" ind1="1" ind2=" ">
    <subfield code="6">880-05</subfield>
    <subfield code="a">ʻAbd al-Waḥḥāb, Ḥasan Ḥusnī.</subfield>
    <subfield code="e">author of introduction, etc.</subfield>
    <subfield code="0">https://lccn.loc.gov/n84034984 ,</subfield>
  </datafield>
  <datafield tag="700" ind1="1" ind2=" ">
    <subfield code="6">880-06</subfield>
    <subfield code="a">ʻAbd al-Waḥḥāb, Ḥasan Ḥusnī.</subfield>
    <subfield code="e">annotator.</subfield>
    <subfield code="0">https://lccn.loc.gov/n84034984 ,</subfield>
  </datafield>
  <datafield tag="700" ind1="1" ind2=" ">
    <subfield code="6">880-07</subfield>
    <subfield code="a">ʻAbd al-Waḥḥāb, Ḥasan Ḥusnī.</subfield>
    <subfield code="e">commentator for written text.</subfield>
    <subfield code="0">https://lccn.loc.gov/n84034984 ,</subfield>
  </datafield>
  <datafield tag="830" ind1=" " ind2="0">
    <subfield code="6">880-08</subfield>
    <subfield code="a">Textes arabes et études islamiques ;</subfield>
    <subfield code="v">9.</subfield>
  </datafield>
  <datafield tag="852" ind1=" " ind2=" ">
    <subfield code="a">Jafet Library</subfield>
    <subfield code="e">American University of Beirut, Bliss Street , Beirut, Lebanon.</subfield>
  </datafield>
  <datafield tag="880" ind1="0" ind2="3">
    <subfield code="6">245-01/(3/r</subfield>
    <subfield code="a">الجمانة في إزالة الرطانة :</subfield>
    <subfield code="b">بحث في لغة التخاطب في الأندلس وتونس لبعض علماء القرن التاسع الهجري /</subfield>
    <subfield code="c">مهد له وحققه وعلق عليه حسن حسني عبد الوهاب الصمادحي، عضو المجمع المصري للغة العربية.</subfield>
  </datafield>
  <datafield tag="880" ind1=" " ind2="1">
    <subfield code="6">264-02/(3/r</subfield>
    <subfield code="a">القاهرة :</subfield>
    <subfield code="b">مطبعة المعهد العلمي الفرنسي للآثار الشرقية،</subfield>
    <subfield code="c">1953.</subfield>
  </datafield>
  <datafield tag="880" ind1=" " ind2=" ">
    <subfield code="6">300-03/(3/r</subfield>
    <subfield code="a">ح-ع، 40 صفحة ؛</subfield>
    <subfield code="c">28 سم.</subfield>
  </datafield>
  <datafield tag="880" ind1="1" ind2=" ">
    <subfield code="6">490-04/(3/r</subfield>
    <subfield code="a">مطبوعات المعهد العلمي للآثار الشرقية بالقاهرة. مجموعة نصوص عربية ودراسات إسلامية ؛</subfield>
    <subfield code="v">العدد التاسع</subfield>
  </datafield>
  <datafield tag="880" ind1="1" ind2=" ">
    <subfield code="6">700-05/(3/r</subfield>
    <subfield code="a">عبد الوهاب، حسن حسني،</subfield>
    <subfield code="0">https://lccn.loc.gov/n84034984 ,</subfield>
    <subfield code="e">مؤلف مقدمة. </subfield>
    <subfield code="4">aui.</subfield>
  </datafield>
  <datafield tag="880" ind1="1" ind2=" ">
    <subfield code="6">700-06/(3/r</subfield>
    <subfield code="a">عبد الوهاب، حسن حسني،</subfield>
    <subfield code="0">https://lccn.loc.gov/n84034984 ,</subfield>
    <subfield code="e">محقق. </subfield>
    <subfield code="4">ann.</subfield>
  </datafield>
  <datafield tag="880" ind1="1" ind2=" ">
    <subfield code="6">700-07/(3/r</subfield>
    <subfield code="a">عبد الوهاب، حسن حسني،</subfield>
    <subfield code="0">https://lccn.loc.gov/n84034984 ,</subfield>
    <subfield code="e">معلق على النص. </subfield>
    <subfield code="4">cwt.</subfield>
  </datafield>
  <datafield tag="880" ind1=" " ind2="0">
    <subfield code="6">830-08/(3/r</subfield>
    <subfield code="a">مجموعة نصوص عربية ودراسات إسلامية ؛</subfield>
    <subfield code="v">9.</subfield>
  </datafield>
  <datafield tag="907" ind1=" " ind2=" ">
    <subfield code="a">.b12487855</subfield>
    <subfield code="b">20-02-11</subfield>
    <subfield code="c">11-05-24</subfield>
  </datafield>
  <datafield tag="907" ind1=" " ind2=" ">
    <subfield code="a">.b12487855</subfield>
    <subfield code="b">15-10-15</subfield>
    <subfield code="c">11-05-24</subfield>
  </datafield>
  <datafield tag="945" ind1=" " ind2=" ">
    <subfield code="f">J</subfield>
    <subfield code="a">492.77:J94jA:c.1</subfield>
    <subfield code="i">01027062</subfield>
    <subfield code="j">.i12979715</subfield>
    <subfield code="l">u0503</subfield>
  </datafield>
  <datafield tag="945" ind1=" " ind2=" ">
    <subfield code="f">J</subfield>
    <subfield code="a">492.77:J94jA:c.2</subfield>
    <subfield code="i">01027063</subfield>
    <subfield code="j">.i12979727</subfield>
    <subfield code="l">u0503</subfield>
  </datafield>
  <datafield tag="998" ind1=" " ind2=" ">
    <subfield code="a">u05</subfield>
    <subfield code="b">97-06-25</subfield>
    <subfield code="c">m</subfield>
    <subfield code="d">a  </subfield>
    <subfield code="e">-</subfield>
    <subfield code="f">ara</subfield>
    <subfield code="g">ua </subfield>
    <subfield code="h">0</subfield>
    <subfield code="i">2</subfield>
  </datafield>
</record>
</collection>
